% This file was created with JabRef 2.4.1.
% Encoding: UTF8

@ARTICLE{adams1965ise,
  author = {Adams, J.S.},
  title = {Inequity in social exchange},
  journal = {Advances in Experimental Social Psychology},
  year = {1965},
  volume = {2},
  pages = {267--299},
  number = {4}
}

@ARTICLE{aronson1969tcd,
  author = {Aronson, E.},
  title = {The theory of cognitive dissonance: A current perspective},
  journal = {Advances in experimental social psychology},
  year = {1969},
  volume = {4},
  pages = {1--34}
}

@ARTICLE{bandura1982sem,
  author = {Bandura, Albert.},
  title = {Self-efficacy mechanism in human agency},
  journal = {American Psychologist},
  year = {1982},
  volume = {37},
  pages = {122--147},
  number = {2}
}

@ARTICLE{bandura2003nse,
  author = {Bandura, A. and Locke, E.A.},
  title = {Negative Self-Efficacy and Goal Effects Revisited},
  journal = {Journal of Applied Psychology},
  year = {2003},
  volume = {88},
  pages = {87--99},
  number = {1},
  publisher = {APA AMERICAN PSYCHOLOGICAL ASSOCIATION}
}

@ARTICLE{brown1995tvc,
  author = {Brown, J.D. and Dutton, K.A.},
  title = {The Thrill of Victory, the Complexity of Defeat: Self-Esteem and
	People's Emotional Reactions to Success and Failure},
  journal = {Journal of Personality and Social Psychology},
  year = {1995},
  volume = {68},
  pages = {712--712},
  publisher = {APA AMERICAN PSYCHOLOGICAL ASSOCIATION}
}

@ARTICLE{deci1999mar,
  author = {Deci, E.L. and Koestner, R. and Ryan, R.M.},
  title = {A Meta-Analytic Review of Experiments Examining the Effects of Extrinsic
	Rewards on Intrinsic Motivation},
  journal = {Psychological Bulletin},
  year = {1999},
  volume = {125},
  pages = {627--668},
  publisher = {APA AMERICAN PSYCHOLOGICAL ASSOCIATION}
}

@ARTICLE{deci2000agp,
  author = {Deci, E.L. and Ryan, R.M.},
  title = {The" What" and" Why" of Goal Pursuits: Human Needs and the Self-Determination
	of Behavior},
  journal = {Psychological Inquiry},
  year = {2000},
  volume = {11},
  pages = {227--268},
  number = {4},
  publisher = {Lawrence Earlbaum}
}

@ARTICLE{eisenberger1997csr,
  author = {Eisenberger, R. and Armeli, S.},
  title = {Can salient reward increase creative performance without reducing
	intrinsic creative interest?},
  journal = {Journal of personality and social psychology},
  year = {1997},
  volume = {72},
  pages = {652--663},
  number = {3}
}

@ARTICLE{eisenberger1996der,
  author = {Eisenberger, R. and Cameron, J.},
  title = {Detrimental effects of reward. Reality or myth?},
  journal = {The American psychologistThe American psychologist},
  year = {1996},
  volume = {51},
  pages = {1153--1166},
  number = {11}
}

@ARTICLE{eisenberger1999eri,
  author = {Eisenberger, R. and Pierce, W.D. And Cameron, J.},
  title = {Effects of reward on intrinsic motivation—Negative, neutral, and
	positive: Comment on Deci, Koestner, and Tyan},
  journal = {Psychological bulletin},
  year = {1999},
  volume = {125},
  pages = {677--691},
  number = {6},
  publisher = {American Psychological Association}
}

@ARTICLE{eisenberger1999dpp,
  author = { Eisenberger, R. and Rhoades, L. and Carmeron, J.},
  title = {Does pay for performance increase or decrease perceived self-determination
	and intrinsic motivation?},
  journal = {Journal of personality and social psychology},
  year = {1999},
  volume = {77},
  pages = {1026--1040},
  number = {5},
  publisher = {American Psychological Association}
}

@ARTICLE{elliot1996aaa,
  author = {Elliot, A.J. and Harackiewicz, J.M.},
  title = {Approach and avoidance achievement goals and intrinsic motivation:
	A mediational analysis},
  journal = {Journal of Personality and Social Psychology},
  year = {1996},
  volume = {70},
  pages = {461--475},
  number = {3}
}

@ARTICLE{gouldner1960nrp,
  author = {Gouldner, A.W.},
  title = {The norm of reciprocity: a preliminary statement},
  journal = {American Sociological Review},
  year = {1960},
  volume = {25},
  pages = {161--178}
}

@ARTICLE{hackman1975djd,
  author = {Hackman, J.R. and Oldham, G.R.},
  title = {Development of the Job Diagnostic Survey},
  journal = {Journal of Applied Psychology},
  year = {1975},
  volume = {60},
  pages = {159--170},
  number = {2}
}

@ARTICLE{harter1981nsr,
  author = {Harter, Susan.},
  title = {A new self-report scale of intrinsic versus extrinsic orientation
	in the classroom: motivational and informational components},
  journal = {Developmental Psychology},
  year = {1981},
  volume = {17},
  pages = {300-312},
  publisher = {American Psychological Association}
}

@ARTICLE{lepper1973ucs,
  author = {Lepper, M.R. and Greene, D. and Nisbett, R.E.},
  title = {Undermining children's intrinsic interest with extrinsic rewards:
	A test of the" overjustification" hypothesis},
  journal = {Journal of Personality and Social Psychology},
  year = {1973},
  volume = {28},
  pages = {129--137},
  number = {1}
}

@ARTICLE{Maslow1943,
  author = {Maslow, A.H.},
  title = {A Theory of Human Motivation},
  journal = {Psychology Review},
  year = {1943},
  volume = {50},
  pages = {370–396},
  owner = {fox},
  timestamp = {2008.10.23}
}

@ARTICLE{potosky2002mru,
  author = {Potosky, D. and Ramakrishna, H.V.},
  title = {The Moderating Role of Updating Climate Perceptions in the Relationship
	Between Goal Orientation, Self-Efficacy, and Job Performance},
  journal = {Human Performance},
  year = {2002},
  volume = {15},
  pages = {275--297},
  number = {3},
  publisher = {Lawrence Earlbaum}
}

@ARTICLE{ryan2000sdt,
  author = {Ryan, R.M. and Deci, E.L.},
  title = {Self-Determination Theory and the Facilitation of Intrinsic Motivation,
	Social Development, and Well-Being},
  journal = {American Psychologist},
  year = {2000},
  volume = {55},
  pages = {68--78},
  number = {1},
  publisher = {APA AMERICAN PSYCHOLOGICAL ASSOCIATION}
}

@ARTICLE{schwartz1993cad,
  author = {Schwartz, B.},
  title = {The Creation and Destruction of Value},
  journal = {American Psychologist},
  year = {1990},
  volume = {45},
  pages = {7-15},
  publisher = {Aldine Transaction}
}

@ARTICLE{white66wmr,
  author = {White, R.},
  title = {Motivation reconsidered: The concept of competence},
  journal = {Psychological Review},
  year = {1959},
  volume = {66},
  pages = {292--333}
}

