@article{albert2002smc,
  title={{Statistical mechanics of complex networks}},
  author={Reka Albert and Albert-Laszlo Barab{\`a}si},
  journal={Reviews of Modern Physics},
  volume=74,
  number=1,
  pages={47--97},
  year=2002,
  publisher={APS}
}
@ARTICLE{albert-1999-401,
  author = {Reka Albert and Hawoong Jeong and Albert-Laszlo Barab{\`a}si},
  title = {The diameter of the world wide web},
  journal = {Nature},
  volume = {401},
  pages = {130--131},
  url = {http://www.citebase.org/abstract?id=oai:arXiv.org:cond-mat/9907038},
  year = {1999}
}


@MISC{morris-2005,
  author = {Steven A. Morris and Gary G. Yen},
  title = {Construction of bipartite and unipartite weighted networks from   collections of journal papers},
  url = {http://www.citebase.org/abstract?id=oai:arXiv.org:physics/0503061},
  year = {2005}
}
@MISC{bolikowski-2009,
  author = {Lukasz Bolikowski},
  title = {Scale-free topology of the interlanguage links in Wikipedia},
  url = {http://www.citebase.org/abstract?id=oai:arXiv.org:0904.0564},
  year = {2009}
}
@MISC{wilkinson-2007,
  author = {Dennis M. Wilkinson and Bernardo A. Huberman},
  title = {Assessing the Value of Coooperation in Wikipedia},
  url = {http://www.citebase.org/abstract?id=oai:arXiv.org:cs/0702140},
  year = {2007}
}

@ARTICLE{albert-2002-74,
  author = {Reka Albert and Albert-Laszlo Barabasi},
  title = {Statistical mechanics of complex networks},
  journal = {Reviews of Modern Physics},
  volume = {74},
  pages = {47},
  url = {http://www.citebase.org/abstract?id=oai:arXiv.org:cond-mat/0106096},
  year = {2002}
}

@Article{PhysRevE.74.036116,
  title = {Preferential attachment in the growth of social networks: The internet encyclopedia Wikipedia},
  author = {Capocci, A.  and Servedio, V. D. P. and Colaiori, F.  and Buriol, L. S. and Donato, D.  and Leonardi, S.  and Caldarelli, G. },
  journal = {Phys. Rev. E},
  volume = {74},
  number = {3},
  pages = {1--6},
  numpages = {6},
  year = {2006},
  month = {Sep},
  doi = {10.1103/PhysRevE.74.036116},
  publisher = {American Physical Society}
}
