This file was created with JabRef 2.2.
Encoding: GBK

@BOOK{davenport1998wko,
  title = {{Working Knowledge: How Organizations Manage What They Know}},
  publisher = {Harvard Business School Press},
  year = {1998},
  author = {Davenport, T.H. and Prusak, L.}
}

@BOOK{Williamson1994,
  title = {The Nature of the Firm},
  publisher = {Oxford University Press},
  year = {1994},
  author = {Oliver Williamson AND Sidney Winter},
  owner = {Administrator},
  timestamp = {2007.11.12}
}

@BOOK{,
  owner = {Administrator},
  timestamp = {2007.11.27}
}

