This file was created with JabRef 2.2.
Encoding: GBK

@ARTICLE{2007,
  author = {徐路},
  title = {知识服务与情报研究探析},
  journal = {情报杂志},
  year = {2007},
  volume = {26},
  pages = {88-90,94},
  number = {3},
  abstract = {论述了情报研究与知识服务的关系,比较两者的差别和联系,给出知识服务的工作流程图,指出在知识经济的背景下,情报研究如何从内容、方法及模式上进行调整,使之符合于知识服务的需求。},
  doi = {CNKI:ISSN:1002-1965.0.2007-03-030},
  keywords = {知识服务 情报研究 研究方法 服务模式 工作流程图},
  owner = {Administrator},
  timestamp = {2007.06.27}
}

@ARTICLE{2006,
  author = {谢晓阳},
  title = {基于网格的知识服务平台},
  journal = {情报理论与实践},
  year = {2006},
  volume = {29},
  pages = {374-375,348},
  number = {3},
  abstract = {介绍了网格的内涵、种类及核心技术，分析了网格技术对知识元链接所起的理论和技术支撑作用，最后提出了一种基于网格的知识服务平台概念模型。},
  doi = {cnki:ISSN:1000-7490.0.2006-03-034},
  keywords = {网络 知识服务 信息网格 知识网格},
  owner = {Administrator},
  timestamp = {2007.06.27}
}

