This file was created with JabRef 2.2.
Encoding: GBK

@MISC{Bragt2002,
  author = {D. van Bragt and D. Somefun and E. Kutschinski and J. Poutre},
  title = {An algorithm for on-line price discrimination},
  year = {2002},
  text = {D. D. D. van Bragt, D. J. A. Somefun, E. Kutschinski, and J. A. L.
	Poutre. An algorithm for on-line price discrimination. technical
	report SEN-R0213, CWI, 2002.},
  url = {citeseer.ist.psu.edu/vanbragt02algorithm.html}
}

@MISC{Li,
  author = {Haifei Li},
  title = {Efficient Algorithms to Detect Pricing Inconsistency for Customizable
	Products},
  url = {citeseer.ist.psu.edu/468271.html}
}

@MISC{Varian,
  author = {H. Varian},
  title = {Pricing information goods},
  text = {H. R. Varian, Pricing information goods, available at hhttp://www.sims.berkeley.edu/?hal/people/hal/papers.htmli.},
  url = {citeseer.ist.psu.edu/varian95pricing.html}
}

