% This file was created with JabRef 2.4.1.
% Encoding: GBK

@UNPUBLISHED{Christensen2005,
  author = {Peter Holdt Christensen},
  title = {Facilitating Knowledge Sharing: A Conceptual Framework},
  note = {Working Paper},
  year = {2005},
  owner = {fox},
  timestamp = {2008.10.27}
}

@ARTICLE{deci1971eem,
  author = {Deci, E.L.},
  title = {Effects of Externally Mediated Rewards on Intrinsic Motivation.},
  journal = {Journal of Personality and Social Psychology},
  year = {1971},
  volume = {18},
  pages = {105--115},
  number = {1}
}

@ARTICLE{dube2006ttv,
  author = {Dub{\'e}, L. and Bourhis, A. and Jacob, R.},
  title = {Towards a Typology of Virtual Communities of Practice},
  journal = {Interdisciplinary Journal of Information, Knowledge, and Management},
  year = {2006},
  volume = {1},
  pages = {69--93},
  number = {1}
}

@MISC{linux,
  author = {Linux Foundation},
  title = {Linux Kernal Development},
  howpublished = {http://www.linuxfoundation.org/publications/linuxkerneldevelopment.php},
  owner = {fox},
  timestamp = {2008.11.10}
}

@UNPUBLISHED{Gottschalg2006,
  author = {Gottschalg, O. and Zollo, M.},
  title = {Motivation and the Theory of the Firm},
  note = {Working Paper},
  year = {2006},
  owner = {fox},
  timestamp = {2008.10.27}
}

@ARTICLE{Hayek1937,
  author = {Freidrich Hayek},
  title = {Economics and Knowledge},
  journal = {Economica IV},
  year = {1937},
  pages = {33-54},
  month = {2},
  owner = {Administrator},
  timestamp = {2007.11.12}
}

@ARTICLE{karlenzig2002tip,
  author = {Karlenzig, W.},
  title = {Tap into the power of knowledge collaboration},
  journal = {Customer Interaction Solutions},
  year = {2002},
  volume = {20},
  pages = {22--23},
  number = {11},
  publisher = {TMC}
}

@ARTICLE{lesser2001ucp,
  author = {Lesser, E. and Everest, K.},
  title = {Using Communities of Practice to manage Intellectual Capital},
  journal = {Ivey Business Journal: Canada},
  year = {2001},
  volume = {65},
  pages = {37--41},
  number = {4}
}

@ARTICLE{lesser2001cpa,
  author = {Lesser, EL and Storck, J.},
  title = {Communities of practice and organizational performance},
  journal = {IBM System Journal},
  year = {2001},
  volume = {40},
  number = {4}
}

@ARTICLE{matwin:tac,
  author = {Matwin, S. and Szpakowicz, S.},
  title = {Text analysis: How can machine learning help},
  journal = {Proceedings of the 1st Conference of the Pacific Association for
	Computational Linguistics (PACLING)},
  year = {1993},
  pages = {33--42}
}

@ARTICLE{preece2004eea,
  author = {Preece, J.},
  title = {Etiquette, Empathy and Trust in Communities of Practice: Stepping-Stones
	to Social Capital},
  journal = {Journal of Universal Computer Science},
  year = {2004},
  volume = {10},
  pages = {194--202},
  number = {3}
}

@ARTICLE{roberts1980stm,
  author = {Roberts, R.},
  title = {Should there be a methodology for failure analysis},
  journal = {Critical Issues in Materials and Mechanical Engineering},
  year = {1980},
  volume = {47},
  pages = {171--84}
}

@TECHREPORT{Rossi2004,
  author = {Maria Alessandra Rossi},
  title = {Decoding the" Free/Open Source (F/OSS) Puzzle"-a Survey of Theoretical
	and Empirical Contributions},
  institution = {Universit√† degli Studi di Siena DIPARTIMENTO DI ECONOMIA POLITICA},
  year = {2004},
  owner = {fox},
  timestamp = {2008.10.26}
}

@ARTICLE{Ruggles1998,
  author = {Ruggles, R.},
  title = {The state of the notion: Knowledge Management in practice},
  journal = {California management review},
  year = {1998},
  volume = {40},
  pages = {80--89},
  number = {3},
  owner = {fox},
  timestamp = {2008.10.21}
}

@CONFERENCE{vonwartburg2004csa,
  author = {von Wartburg, I. and Rost, K. and Teichert, T.},
  title = {The Creation of Social and Intellectual Capital in Virtual Communities
	of Practice},
  booktitle = {Proceedings of the Fifth European Conference on Organizational Knowledge,
	Learning and Capabilities},
  year = {2004}
}

@UNPUBLISHED{WeberWeberSteven,
  author = {Weber, Steven},
  title = {The Political Economy of Open Source Software},
  note = {BRIE Working Paper 140, Economy Project Working Paper 15},
  year = {Weber, Steven},
  owner = {fox},
  timestamp = {2008.10.26}
}

@UNPUBLISHED{1021450,
  author = {Xiaoquan (Michael) Zhang and Feng Zhu},
  title = {Group Size and Incentive to Contribute: A Natural Experiment at Chinese
	Wikipedia},
  note = {http://ideas.repec.org/p/net/wpaper/0722.html},
  month = {9},
  year = {2007},
  owner = {fox},
  timestamp = {2008.11.11}
}

@INPROCEEDINGS{Zhang2006,
  author = {Xiaoquan Zhang And Feng Zhu},
  title = {Intrinsic motivation of open content contributors: The case of wikipedia},
  booktitle = {Workshop on Information Systems and Economics},
  year = {2006},
  address = {Evanston, IL},
  owner = {fox},
  timestamp = {2008.10.22}
}

@MISC{wikistat,
  author = {Wikimedia },
  title = {Wikipedia Statistics Chinese},
  howpublished = {http://stats.wikimedia.org/EN/ChartsWikipediaZH.htm},
  owner = {fox},
  timestamp = {2008.11.10}
}

@MISC{aswartz,
  author = {Aaron Swartz},
  title = {Who Writes Wikipedia? },
  howpublished = {http://www.aaronsw.com/weblog/whowriteswikipedia},
  owner = {fox},
  timestamp = {2008.11.10}
}

