@article{lin2001cmv,
  title={{A Conceptual Model for Virtual Organizational Learning}},
  author={Lin, F. and Lin, S.},
  journal={Journal of Organizational Computing and Electronic Commerce},
  volume={11},
  number={3},
  pages={155--178},
  year={2001},
  publisher={Lawrence Earlbaum}
}
