% This file was created with JabRef 2.3.
% Encoding: GBK

@PHDTHESIS{zhoubo2006,
  author = {周波},
  title = {知识交易及其定价研究},
  school = {复旦大学},
  year = {2006},
  abstract = {知识在现实经济中越来越重要的地位使得对于知识的经济理论研究越来越紧迫。已有的研究大都集中在知识如何影响经济系统这个宏观问题上，对于知识本身的微观分析始终不足，本文对知识交易的研究试图弥补这方面的不足。
	本文的研究主题可简单地表达为这样一个问题：当知识类比一般商品进行交易时会是何种情形? 为了回答这个问题，首先，本文追随斯密、哈耶克、熊彼特、索罗、阿罗、德鲁克、保罗．罗默、戴维．罗默等的思想足迹，述评他们的理论在知识问题上的研究进展，探索这些理论用来解释知识交易的可能性；其次，对于知识本身是什么进行深入研究，这里需要就知识如何转移、知识稀缺性、竞争性和排他性、边际收益等具有争议的主题进行探索。这两项研究可以认为是研究知识交易的基础。
	接下来，提出知识交易的严格的定义，对于知识交易的内涵和边界进行清楚的界定，以避免不必要的歧义和争议。为了清楚知识交易的边界，本文引入知识回报这个更大的概念，阐...},
  doi = {CNKI:CDMD:1.2007.068777},
  keywords = {知识; 知识经济; 知识交易; 定价;},
  owner = {Administrator},
  timestamp = {2007.11.28}
}

@PHDTHESIS{wangkaiming002,
  author = {王开明},
  title = {企业的知识资本理论研究},
  school = {武汉理工大学},
  year = {2002},
  abstract = {本文以二十世纪八十年代兴起的资源基础论为主要理论基础，综合运 用经济学、管理学、博奕论等学科的理论和方法构建了企业知识资本理论 的基本框架，论证了企业在发展过程中积聚的知识资本是企业竞争优势的
	源泉，提出了企业赢利能力各不相同的理论解释。全文的研究是从以下几 方面展开的： 1．知识的经济学分析。从经济学角度定义了“知识”的概念，论述了
	知识构成经济物品、私有物品的有条件性和动态性；研究了知识的生产、 知识的转移和扩散等问题，指出了科研投入产出的不确定性、研究机构对
	研究成果占有的不完全性、知识学习的成本一收益的弱对应性。 2．企业的知识分析。首先从知识的角度论述了企业的性质，指出了企 业是比市场更为有效率的积聚知识的制度安排：然后运用博奕论等数学工
	具探讨了企业的知识资本转化为竞争优势和经济利润的“路径”；最后分析 了},
  doi = {CNKI:CDMD:1.2002.112374},
  keywords = {知识; 知识资本; 竞争优势; 资源基础论; 资本营运;knowledge; knowledge capital; competitive
	advantage; resource-base theory; capital operation;},
  owner = {Administrator},
  timestamp = {2007.07.30}
}

@comment{jabref-meta: selector_publisher:}

@comment{jabref-meta: selector_author:}

@comment{jabref-meta: selector_journal:}

@comment{jabref-meta: selector_keywords:}

