% This file was created with JabRef 2.3.1.
% Encoding: UTF8

@INPROCEEDINGS{Wang2008,
  author = {Jun Wang And Xuening Liu And Yunpeng Wu},
  title = {Research on knowledge acquisition method from domain text},
  booktitle = {Proceedings of First International Conference on Modelling and Simulation},
  year = {2008},
  editor = {Hong-Gao Yu AND Yong Jiang},
  volume = {4},
  pages = {259-262},
  month = {8},
  publisher = {World Academic Press},
  owner = {fox},
  timestamp = {2008.09.06}
}

@comment{jabref-meta: selector_publisher:}

@comment{jabref-meta: selector_author:}

@comment{jabref-meta: selector_journal:}

@comment{jabref-meta: selector_keywords:}

