@article{albert2002smc,
  title={{Statistical mechanics of complex networks}},
  author={Reka Albert and Albert-Laszlo Barab{\`a}si},
  journal={Reviews of Modern Physics},
  volume=74,
  number=1,
  pages={47--97},
  year=2002,
  publisher={APS}
}
@ARTICLE{albert-1999-401,
  author = {Reka Albert and Hawoong Jeong and Albert-Laszlo Barab{\`a}si},
  title = {The diameter of the world wide web},
  journal = {Nature},
  volume = {401},
  pages = {130--131},
  url = {http://www.citebase.org/abstract?id=oai:arXiv.org:cond-mat/9907038},
  year = {1999}
}
@article{barabasi1999esr,
  title={{Emergence of Scaling in Random Networks}},
  author={Albert-Laszlo Barab{\`a}si and Reka Albert},
  journal={Science},
  volume={286},
  number={5439},
  pages={509},
  year={1999},
  publisher={AAAS}
}
