@article{bontis2001aka,
  title={{Assessing knowledge assets: a review of the models used to measure intellectual capital}},
  author={Bontis, N.},
  journal={International Journal of Management Reviews},
  volume={3},
  number={1},
  pages={41--60},
  year={2001},
  publisher={Blackwell Synergy}
}

