% This file was created with JabRef 2.3.1.
% Encoding: UTF-8

@BOOK{davenport1998wko,
  title = {Working Knowledge: How Organizations Manage What They Know},
  publisher = {Harvard Business School Press},
  year = {1998},
  author = {Davenport, T.H. and Prusak, L.}
}

@BOOK{Shannon1949,
  title = {The Mathematical Theory of Communication},
  publisher = {Urbana: University of Illinois Press},
  year = {1949},
  author = {Shannon, C. E. AND Weaver, W.},
  owner = {Administrator},
  timestamp = {2008.06.06}
}

@BOOK{Williamson1994,
  title = {The Nature of the Firm},
  publisher = {Oxford University Press},
  year = {1994},
  author = {Oliver Williamson AND Sidney Winter},
  owner = {Administrator},
  timestamp = {2007.11.12}
}

@book{polanyi1998pkt,
  title={{Personal Knowledge: Towards a Post-Critical Philosophy}},
  author={Polanyi, M.},
  year={1998},
  publisher={Routledge}
}


@book{dixon2000ckc,
  title={{Common Knowledge: How Companies Thrive by Sharing what They Know}},
  author={Dixon, N.M.},
  year={2000},
  publisher={Harvard Business School Press}
}

@book{lesser2000kac,
  title={{Knowledge and Communities}},
  author={Lesser, E. and Fontaine, M.A. and Slusher, J.A.},
  year={2000},
  publisher={Butterworth-Heinemann}
}

@book{560183,
 author = {Chun Wei Choo and Nick Bontis},
 title = {The  Strategic Management of Intellectual Capital and Organizational Knowledge},
 year = {2002},
 isbn = {019515486X},
 publisher = {Oxford University Press},
 }

@article{alavi2000mok,
  title={{Managing organizational knowledge}},
  author={Alavi, M.},
  journal={Framing the Domains of IT Management Research: Glimpsing the Future through the Past},
  pages={15--28},
  year={2000},
  publisher={Pinnaflex Educational Resources, Cincinnati, OH}
}
