% This file was created with JabRef 2.3.
% Encoding: UTF-8

@ARTICLE{2007,
  author = {徐路},
  title = {知识服务与情报研究探析},
  journal = {情报杂志},
  year = {2007},
  volume = {26},
  pages = {88-90,94},
  number = {3},
  abstract = {论述了情报研究与知识服务的关系,比较两者的差别和联系,给出知识服务的工作流程图,指出在知识经济的背景下,情报研究如何从内容、方法及模式上进行调整,使之符合于知识服务的需求。},
  doi = {CNKI:ISSN:1002-1965.0.2007-03-030},
  keywords = {知识服务 情报研究 研究方法 服务模式 工作流程图},
  owner = {Administrator},
  timestamp = {2007.06.27}
}

@ARTICLE{2006,
  author = {谢晓阳},
  title = {基于网格的知识服务平台},
  journal = {情报理论与实践},
  year = {2006},
  volume = {29},
  pages = {374-375,348},
  number = {3},
  abstract = {介绍了网格的内涵、种类及核心技术，分析了网格技术对知识元链接所起的理论和技术支撑作用，最后提出了一种基于网格的知识服务平台概念模型。},
  doi = {cnki:ISSN:1000-7490.0.2006-03-034},
  keywords = {网络 知识服务 信息网格 知识网格},
  owner = {Administrator},
  timestamp = {2007.06.27}
}

@ARTICLE{袁艺2002智力资,
  author = {袁艺 AND 袁一骏},
  title = {智力资本测量模型评述},
  journal = {外国经济与管理},
  year = {2002},
  volume = {24},
  pages = {16-21},
  number = {8},
  abstract = {在知识经济时代 ,智力资本是企业获得持续竞争优势的关键。本文在明确智力资本概念的基础上 ,回顾了有关智力资本测量的实证研究过程与主要模型
	,并指出其中有待解决的问题。},
  doi = {cnki:ISSN:1001-4950.0.2002-08-002},
  keywords = {智力资本; 指标; 测量模型;},
  owner = {Administrator},
  timestamp = {2007.07.30}
}

@ARTICLE{chengwen,
  author = {承文 and 韩立岩},
  title = {航天企业基于知识流的知识管理体系框架},
  journal = {系统工程与电子技术},
  year = {2006},
  number = {11},
  abstract = {针对航天企业实施知识管理的薄弱环节,从系统工程角度出发,在简述企业知识管理体系基本功能的基础上,提出了基于知识流的知识管理体系框架和主要设计原则。重点阐述了基于知识流的航天企业知识管理框架模型和知识管理体系框架,并针对航天企业科研生产一体化的特点,分析了航天型号全寿命过程中从预研到研制过程的知识管理流程,以及研制过程与批生产过程的知识集成模式。对知识管理体系框架下科研生产一体化的发展趋势进行了初步探讨。},
  address = {北京航空航天大学经济管理学院,北京航空航天大学经济管理学院 北京100083,中国航天科工集团公司,北京100037,北京100083},
  isbn = {1001-506X},
  keywords = {航天企业 and 知识流 and 知识管理 and 体系 and 框架 and 系统工程}
}

@ARTICLE{zhanghua,
  author = {韩立岩 AND 张华},
  title = {不完全竞争及不确定情况下R\&D投资额的决策研究},
  journal = {首都经济贸易大学学报},
  year = {2003},
  number = {02},
  abstract = {R&D是一个企业战略的重要组成部分。关于R&D投资的研究已成为国内外学者探讨的热点问题。然而,目前为止大多数的研究都基于R&D投资具有独占性和产品市场为完全竞争的市场两个假设,而没有考虑外界对R&D投资影响。本文研究了不完全竞争及不确定情况下,特别是双寡头垄断市场中当项目投资机会为非独占性时各寡头公司的R&D投资额决策问题。由于R&D投资额对研发速度存在影响,进而影响了企业未来收益,因此双寡头垄断的市场中各寡头之间R&D投资额的决策必然会相互影响。通过利用非合作博弈论方法建模,本文给出了这种情况下R&D投资额的纳什均衡解。},
  address = {北京航空航天大学经济管理学院,北京航空航天大学经济管理学院 北京 100083 ,北京 100083},
  isbn = {1008-2700},
  keywords = {博弈 and R&D and 投资决策}
}

@ARTICLE{zhouyuhua2005,
  author = {韩立岩 and 周豫华},
  title = {企业知识内部转移激励机制模型的构建},
  journal = {财会月刊},
  year = {2005},
  number = {2},
  owner = {Administrator},
  timestamp = {2007.07.20}
}
@comment{jabref-meta: selector_publisher:}

@comment{jabref-meta: selector_author:}

@comment{jabref-meta: selector_journal:}

@comment{jabref-meta: selector_keywords:}

