@article{ounjian1987sfa,
  title={A study of the factors which affect technology transfer in a multilocation multibusiness unit corporation},
  author={Ounjian, M.L. and Carne, E.B.},
  journal={IEEE Transactions on Engineering Management},
  volume={34},
  number={3},
  pages={194--201},
  year={1987}
}
