@article{lin2001cmv,
  title={{A Conceptual Model for Virtual Organizational Learning}},
  author={Lin, F. and Lin, S.},
  journal={Journal of Organizational Computing and Electronic Commerce},
  volume={11},
  number={3},
  pages={155--178},
  year={2001},
  publisher={Lawrence Earlbaum}
}
@article{dorogovtsev2002en,
  title={{Evolution of networks}},
  author={Dorogovtsev, SN and Mendes, JFF},
  journal={Advances in Physics},
  volume={51},
  number={4},
  pages={1079--1187},
  year={2002},
  publisher={Taylor \& Francis}
}

@article{elliot1999aaa,
  title={{Approach and avoidance motivation and achievement goals}},
  author={Elliot, A.J.},
  journal={Educational psychologist},
  volume={34},
  number={3},
  pages={169--189},
  year={1999},
  publisher={Routledge}
}
@article{lin2006determinants,
  title={{Determinants of success for online communities: an empirical study}},
  author={Lin, H.F. and Lee, G.G.},
  journal={Behaviour \& Information Technology},
  volume={25},
  number={6},
  pages={479--488},
  year={2006},
  publisher={Taylor \& Francis}
}
